[gd_scene load_steps=5 format=2]

[ext_resource path="res://scripts/board_v1.gd" type="Script" id=1]
[ext_resource path="res://models/pastille.tscn" type="PackedScene" id=2]
[ext_resource path="res://models/slot.tscn" type="PackedScene" id=3]



[sub_resource type="PhysicsMaterial" id=8]
friction = 0.2

[node name="board" type="Spatial"]
script = ExtResource( 1 )
radius = 1.9
gap = 0.615
radius2 = 0.5
height2 = 0.6
radius3 = 0.75
height3 = 0.1
grid = [ [ [ {
"albedo": null,
"mat": null,
"path": "buttons/b_0-0-0"
} ] ], [ [ {
"albedo": null,
"mat": null,
"path": "buttons/b_1-0-0"
} ], [ {
"albedo": null,
"mat": null,
"path": "buttons/b_1-1-0"
} ], [ {
"albedo": null,
"mat": null,
"path": "buttons/b_1-2-0"
} ], [ {
"albedo": null,
"mat": null,
"path": "buttons/b_1-3-0"
} ], [ {
"albedo": null,
"mat": null,
"path": "buttons/b_1-4-0"
} ], [ {
"albedo": null,
"mat": null,
"path": "buttons/b_1-5-0"
} ] ], [ [ {
"albedo": null,
"mat": null,
"path": "buttons/b_2-0-0"
}, {
"albedo": null,
"mat": null,
"path": "buttons/b_2-0-1"
} ], [ {
"albedo": null,
"mat": null,
"path": "buttons/b_2-1-0"
}, {
"albedo": null,
"mat": null,
"path": "buttons/b_2-1-1"
} ], [ {
"albedo": null,
"mat": null,
"path": "buttons/b_2-2-0"
}, {
"albedo": null,
"mat": null,
"path": "buttons/b_2-2-1"
} ], [ {
"albedo": null,
"mat": null,
"path": "buttons/b_2-3-0"
}, {
"albedo": null,
"mat": null,
"path": "buttons/b_2-3-1"
} ], [ {
"albedo": null,
"mat": null,
"path": "buttons/b_2-4-0"
}, {
"albedo": null,
"mat": null,
"path": "buttons/b_2-4-1"
} ], [ {
"albedo": null,
"mat": null,
"path": "buttons/b_2-5-0"
}, {
"albedo": null,
"mat": null,
"path": "buttons/b_2-5-1"
} ] ] ]

[node name="buttons" type="Spatial" parent="."]

[node name="b_0-0-0" parent="buttons" instance=ExtResource( 2 )]
level = 0
corner = 0
id = 0

[node name="b_1-0-0" parent="buttons" instance=ExtResource( 2 )]
transform = Transform( 0.866025, 0, -0.5, 0, 1, 0, 0.5, 0, 0.866025, 1.95761, 0, 1.13022 )
level = 1
corner = 0
id = 0

[node name="b_1-1-0" parent="buttons" instance=ExtResource( 2 )]
transform = Transform( -4.37114e-08, 0, -1, 0, 1, 0, 1, 0, -4.37114e-08, 1.38413e-16, 0, 2.26045 )
level = 1
corner = 1
id = 0

[node name="b_1-2-0" parent="buttons" instance=ExtResource( 2 )]
transform = Transform( -0.866025, 0, -0.5, 0, 1, 0, 0.5, 0, -0.866025, -1.95761, 0, 1.13022 )
level = 1
corner = 2
id = 0

[node name="b_1-3-0" parent="buttons" instance=ExtResource( 2 )]
transform = Transform( -0.866025, 0, 0.5, 0, 1, 0, -0.5, 0, -0.866025, -1.95761, 0, -1.13022 )
level = 1
corner = 3
id = 0

[node name="b_1-4-0" parent="buttons" instance=ExtResource( 2 )]
transform = Transform( 7.54979e-08, 0, 1, 0, 1, 0, -1, 0, 7.54979e-08, -2.42292e-15, 0, -2.26045 )
level = 1
corner = 4
id = 0

[node name="b_1-5-0" parent="buttons" instance=ExtResource( 2 )]
transform = Transform( 0.866025, 0, 0.5, 0, 1, 0, -0.5, 0, 0.866025, 1.95761, 0, -1.13022 )
level = 1
corner = 5
id = 0

[node name="b_2-0-0" parent="buttons" instance=ExtResource( 2 )]
transform = Transform( 0.866025, 0, -0.5, 0, 1, 0, 0.5, 0, 0.866025, 3.91521, 0, 2.26045 )
level = 2
corner = 0
id = 0

[node name="b_2-0-1" parent="buttons" instance=ExtResource( 2 )]
transform = Transform( 0.5, 0, -0.866025, 0, 1, 0, 0.866025, 0, 0.5, 1.95761, 0, 3.39067 )
level = 2
corner = 0
id = 1

[node name="b_2-1-0" parent="buttons" instance=ExtResource( 2 )]
transform = Transform( -4.37114e-08, 0, -1, 0, 1, 0, 1, 0, -4.37114e-08, 2.76825e-16, 0, 4.5209 )
level = 2
corner = 1
id = 0

[node name="b_2-1-1" parent="buttons" instance=ExtResource( 2 )]
transform = Transform( -0.5, 0, -0.866025, 0, 1, 0, 0.866025, 0, -0.5, -1.95761, 0, 3.39067 )
level = 2
corner = 1
id = 1

[node name="b_2-2-0" parent="buttons" instance=ExtResource( 2 )]
transform = Transform( -0.866025, 0, -0.5, 0, 1, 0, 0.5, 0, -0.866025, -3.91521, 0, 2.26045 )
level = 2
corner = 2
id = 0

[node name="b_2-2-1" parent="buttons" instance=ExtResource( 2 )]
transform = Transform( -1, 0, 8.74228e-08, 0, 1, 0, -8.74228e-08, 0, -1, -3.91521, 0, 0 )
level = 2
corner = 2
id = 1

[node name="b_2-3-0" parent="buttons" instance=ExtResource( 2 )]
transform = Transform( -0.866025, 0, 0.5, 0, 1, 0, -0.5, 0, -0.866025, -3.91521, 0, -2.26045 )
level = 2
corner = 3
id = 0

[node name="b_2-3-1" parent="buttons" instance=ExtResource( 2 )]
transform = Transform( -0.5, 0, 0.866025, 0, 1, 0, -0.866025, 0, -0.5, -1.95761, 0, -3.39067 )
level = 2
corner = 3
id = 1

[node name="b_2-4-0" parent="buttons" instance=ExtResource( 2 )]
transform = Transform( 7.54979e-08, 0, 1, 0, 1, 0, -1, 0, 7.54979e-08, -4.84584e-15, 0, -4.5209 )
level = 2
corner = 4
id = 0

[node name="b_2-4-1" parent="buttons" instance=ExtResource( 2 )]
transform = Transform( 0.5, 0, 0.866025, 0, 1, 0, -0.866025, 0, 0.5, 1.95761, 0, -3.39067 )
level = 2
corner = 4
id = 1

[node name="b_2-5-0" parent="buttons" instance=ExtResource( 2 )]
transform = Transform( 0.866025, 0, 0.5, 0, 1, 0, -0.5, 0, 0.866025, 3.91521, 0, -2.26045 )
level = 2
corner = 5
id = 0

[node name="b_2-5-1" parent="buttons" instance=ExtResource( 2 )]
transform = Transform( 1, 0, 0, 0, 1, 0, 0, 0, 1, 3.91521, 0, 0 )
level = 2
corner = 5
id = 1

[node name="slots" type="Spatial" parent="."]

[node name="slot_0" type="StaticBody" parent="slots" instance=ExtResource( 3 )]
transform = Transform( 0.5, 0, 0, 0, 0.6, 0, 0, 0, 0.5, 0.657874, 0, 1.13947 )
physics_material_override = SubResource( 8 )

[node name="slot_1" type="StaticBody" parent="slots" instance=ExtResource( 3 )]
transform = Transform( 0.25, 0, 0.433013, 0, 0.6, 0, -0.433013, 0, 0.25, -0.657874, 0, 1.13947 )
physics_material_override = SubResource( 8 )

[node name="slot_2" type="StaticBody" parent="slots" instance=ExtResource( 3 )]
transform = Transform( -0.25, 0, 0.433013, 0, 0.6, 0, -0.433013, 0, -0.25, -1.31575, 0, 0 )
physics_material_override = SubResource( 8 )

[node name="slot_3" type="StaticBody" parent="slots" instance=ExtResource( 3 )]
transform = Transform( -0.5, 0, -4.37114e-08, 0, 0.6, 0, 4.37114e-08, 0, -0.5, -0.657874, 0, -1.13947 )
physics_material_override = SubResource( 8 )

[node name="slot_4" type="StaticBody" parent="slots" instance=ExtResource( 3 )]
transform = Transform( -0.25, 0, -0.433013, 0, 0.6, 0, 0.433013, 0, -0.25, 0.657874, 0, -1.13947 )
physics_material_override = SubResource( 8 )

[node name="slot_5" type="StaticBody" parent="slots" instance=ExtResource( 3 )]
transform = Transform( 0.25, 0, -0.433013, 0, 0.6, 0, 0.433013, 0, 0.25, 1.31575, 0, 0 )
physics_material_override = SubResource( 8 )

[node name="slot_6" type="StaticBody" parent="slots" instance=ExtResource( 3 )]
transform = Transform( 0.5, 0, 0, 0, 0.6, 0, 0, 0, 0.5, 2.61548, 0, 2.2697 )
physics_material_override = SubResource( 8 )

[node name="slot_7" type="StaticBody" parent="slots" instance=ExtResource( 3 )]
transform = Transform( 0.25, 0, 0.433013, 0, 0.6, 0, -0.433013, 0, 0.25, 1.29973, 0, 2.2512 )
physics_material_override = SubResource( 8 )

[node name="slot_8" type="StaticBody" parent="slots" instance=ExtResource( 3 )]
transform = Transform( -0.25, 0, 0.433013, 0, 0.6, 0, -0.433013, 0, -0.25, 0.657874, 0, 3.39992 )
physics_material_override = SubResource( 8 )

[node name="slot_9" type="StaticBody" parent="slots" instance=ExtResource( 3 )]
transform = Transform( -0.5, 0, -4.37114e-08, 0, 0.6, 0, 4.37114e-08, 0, -0.5, -0.657874, 0, 3.39992 )
physics_material_override = SubResource( 8 )

[node name="slot_10" type="StaticBody" parent="slots" instance=ExtResource( 3 )]
transform = Transform( -0.25, 0, -0.433013, 0, 0.6, 0, 0.433013, 0, -0.25, -1.29973, 0, 2.2512 )
physics_material_override = SubResource( 8 )

[node name="slot_11" type="StaticBody" parent="slots" instance=ExtResource( 3 )]
transform = Transform( 0.25, 0, -0.433013, 0, 0.6, 0, 0.433013, 0, 0.25, -2.61548, 0, 2.2697 )
physics_material_override = SubResource( 8 )

[node name="slot_12" type="StaticBody" parent="slots" instance=ExtResource( 3 )]
transform = Transform( 0.5, 0, 8.74228e-08, 0, 0.6, 0, -8.74228e-08, 0, 0.5, -3.27335, 0, 1.13022 )
physics_material_override = SubResource( 8 )

[node name="slot_13" type="StaticBody" parent="slots" instance=ExtResource( 3 )]
transform = Transform( 0.25, 0, 0.433013, 0, 0.6, 0, -0.433013, 0, 0.25, -2.59946, 0, 1.19209e-07 )
physics_material_override = SubResource( 8 )

[node name="slot_14" type="StaticBody" parent="slots" instance=ExtResource( 3 )]
transform = Transform( -0.25, 0, 0.433013, 0, 0.6, 0, -0.433013, 0, -0.25, -3.27335, 0, -1.13022 )
physics_material_override = SubResource( 8 )

[node name="slot_15" type="StaticBody" parent="slots" instance=ExtResource( 3 )]
transform = Transform( -0.5, 0, -1.19249e-08, 0, 0.6, 0, 1.19249e-08, 0, -0.5, -2.61548, 0, -2.2697 )
physics_material_override = SubResource( 8 )

[node name="slot_16" type="StaticBody" parent="slots" instance=ExtResource( 3 )]
transform = Transform( -0.25, 0, -0.433013, 0, 0.6, 0, 0.433013, 0, -0.25, -1.29973, 0, -2.2512 )
physics_material_override = SubResource( 8 )

[node name="slot_17" type="StaticBody" parent="slots" instance=ExtResource( 3 )]
transform = Transform( 0.25, 0, -0.433013, 0, 0.6, 0, 0.433013, 0, 0.25, -0.657874, 0, -3.39992 )
physics_material_override = SubResource( 8 )

[node name="slot_18" type="StaticBody" parent="slots" instance=ExtResource( 3 )]
transform = Transform( 0.5, 0, 1.74846e-07, 0, 0.6, 0, -1.74846e-07, 0, 0.5, 0.657874, 0, -3.39992 )
physics_material_override = SubResource( 8 )

[node name="slot_19" type="StaticBody" parent="slots" instance=ExtResource( 3 )]
transform = Transform( 0.25, 0, 0.433013, 0, 0.6, 0, -0.433013, 0, 0.25, 1.29973, 0, -2.2512 )
physics_material_override = SubResource( 8 )

[node name="slot_20" type="StaticBody" parent="slots" instance=ExtResource( 3 )]
transform = Transform( -0.25, 0, 0.433013, 0, 0.6, 0, -0.433013, 0, -0.25, 2.61548, 0, -2.2697 )
physics_material_override = SubResource( 8 )

[node name="slot_21" type="StaticBody" parent="slots" instance=ExtResource( 3 )]
transform = Transform( -0.5, 0, 1.39071e-07, 0, 0.6, 0, -1.39071e-07, 0, -0.5, 3.27335, 0, -1.13022 )
physics_material_override = SubResource( 8 )

[node name="slot_22" type="StaticBody" parent="slots" instance=ExtResource( 3 )]
transform = Transform( -0.25, 0, -0.433013, 0, 0.6, 0, 0.433013, 0, -0.25, 2.59946, 0, -1.19209e-07 )
physics_material_override = SubResource( 8 )

[node name="slot_23" type="StaticBody" parent="slots" instance=ExtResource( 3 )]
transform = Transform( 0.25, 0, -0.433013, 0, 0.6, 0, 0.433013, 0, 0.25, 3.27335, 0, 1.13022 )
physics_material_override = SubResource( 8 )

[node name="slot_24" type="StaticBody" parent="slots" instance=ExtResource( 3 )]
transform = Transform( 0.5, 0, 0, 0, 0.6, 0, 0, 0, 0.5, 4.57309, 0, 3.39992 )
physics_material_override = SubResource( 8 )

[node name="slot_25" type="StaticBody" parent="slots" instance=ExtResource( 3 )]
transform = Transform( 0.25, 0, 0.433013, 0, 0.6, 0, -0.433013, 0, 0.25, 3.25734, 0, 3.38142 )
physics_material_override = SubResource( 8 )

[node name="slot_26" type="StaticBody" parent="slots" instance=ExtResource( 3 )]
transform = Transform( -0.25, 0, 0.433013, 0, 0.6, 0, -0.433013, 0, -0.25, 2.61548, 0, 4.53014 )
physics_material_override = SubResource( 8 )

[node name="slot_27" type="StaticBody" parent="slots" instance=ExtResource( 3 )]
transform = Transform( -0.5, 0, -4.37114e-08, 0, 0.6, 0, 4.37114e-08, 0, -0.5, 1.29973, 0, 4.51165 )
physics_material_override = SubResource( 8 )

[node name="slot_28" type="StaticBody" parent="slots" instance=ExtResource( 3 )]
transform = Transform( -0.25, 0, -0.433013, 0, 0.6, 0, 0.433013, 0, -0.25, 0.657874, 0, 5.66037 )
physics_material_override = SubResource( 8 )

[node name="slot_29" type="StaticBody" parent="slots" instance=ExtResource( 3 )]
transform = Transform( 0.25, 0, -0.433013, 0, 0.6, 0, 0.433013, 0, 0.25, -0.657874, 0, 5.66037 )
physics_material_override = SubResource( 8 )

[node name="slot_30" type="StaticBody" parent="slots" instance=ExtResource( 3 )]
transform = Transform( 0.5, 0, 8.74228e-08, 0, 0.6, 0, -8.74228e-08, 0, 0.5, -1.29973, 0, 4.51165 )
physics_material_override = SubResource( 8 )

[node name="slot_31" type="StaticBody" parent="slots" instance=ExtResource( 3 )]
transform = Transform( 0.25, 0, 0.433013, 0, 0.6, 0, -0.433013, 0, 0.25, -2.61548, 0, 4.53014 )
physics_material_override = SubResource( 8 )

[node name="slot_32" type="StaticBody" parent="slots" instance=ExtResource( 3 )]
transform = Transform( -0.25, 0, 0.433013, 0, 0.6, 0, -0.433013, 0, -0.25, -3.25734, 0, 3.38142 )
physics_material_override = SubResource( 8 )

[node name="slot_33" type="StaticBody" parent="slots" instance=ExtResource( 3 )]
transform = Transform( -0.5, 0, -1.19249e-08, 0, 0.6, 0, 1.19249e-08, 0, -0.5, -4.57309, 0, 3.39992 )
physics_material_override = SubResource( 8 )

[node name="slot_34" type="StaticBody" parent="slots" instance=ExtResource( 3 )]
transform = Transform( -0.25, 0, -0.433013, 0, 0.6, 0, 0.433013, 0, -0.25, -5.23096, 0, 2.26045 )
physics_material_override = SubResource( 8 )

[node name="slot_35" type="StaticBody" parent="slots" instance=ExtResource( 3 )]
transform = Transform( 0.25, 0, -0.433013, 0, 0.6, 0, 0.433013, 0, 0.25, -4.55707, 0, 1.13022 )
physics_material_override = SubResource( 8 )

[node name="slot_36" type="StaticBody" parent="slots" instance=ExtResource( 3 )]
transform = Transform( 0.5, 0, 1.74846e-07, 0, 0.6, 0, -1.74846e-07, 0, 0.5, -5.23096, 0, 0 )
physics_material_override = SubResource( 8 )

[node name="slot_37" type="StaticBody" parent="slots" instance=ExtResource( 3 )]
transform = Transform( 0.25, 0, 0.433013, 0, 0.6, 0, -0.433013, 0, 0.25, -4.55707, 0, -1.13022 )
physics_material_override = SubResource( 8 )

[node name="slot_38" type="StaticBody" parent="slots" instance=ExtResource( 3 )]
transform = Transform( -0.25, 0, 0.433013, 0, 0.6, 0, -0.433013, 0, -0.25, -5.23096, 0, -2.26045 )
physics_material_override = SubResource( 8 )

[node name="slot_39" type="StaticBody" parent="slots" instance=ExtResource( 3 )]
transform = Transform( -0.5, 0, 1.39071e-07, 0, 0.6, 0, -1.39071e-07, 0, -0.5, -4.57309, 0, -3.39992 )
physics_material_override = SubResource( 8 )

[node name="slot_40" type="StaticBody" parent="slots" instance=ExtResource( 3 )]
transform = Transform( -0.25, 0, -0.433013, 0, 0.6, 0, 0.433013, 0, -0.25, -3.25734, 0, -3.38142 )
physics_material_override = SubResource( 8 )

[node name="slot_41" type="StaticBody" parent="slots" instance=ExtResource( 3 )]
transform = Transform( 0.25, 0, -0.433013, 0, 0.6, 0, 0.433013, 0, 0.25, -2.61548, 0, -4.53014 )
physics_material_override = SubResource( 8 )

[node name="slot_42" type="StaticBody" parent="slots" instance=ExtResource( 3 )]
transform = Transform( 0.5, 0, 2.38498e-08, 0, 0.6, 0, -2.38498e-08, 0, 0.5, -1.29973, 0, -4.51165 )
physics_material_override = SubResource( 8 )

[node name="slot_43" type="StaticBody" parent="slots" instance=ExtResource( 3 )]
transform = Transform( 0.25, 0, 0.433013, 0, 0.6, 0, -0.433013, 0, 0.25, -0.657874, 0, -5.66037 )
physics_material_override = SubResource( 8 )

[node name="slot_44" type="StaticBody" parent="slots" instance=ExtResource( 3 )]
transform = Transform( -0.25, 0, 0.433013, 0, 0.6, 0, -0.433013, 0, -0.25, 0.657874, 0, -5.66037 )
physics_material_override = SubResource( 8 )

[node name="slot_45" type="StaticBody" parent="slots" instance=ExtResource( 3 )]
transform = Transform( -0.5, 0, 2.90067e-07, 0, 0.6, 0, -2.90067e-07, 0, -0.5, 1.29973, 0, -4.51165 )
physics_material_override = SubResource( 8 )

[node name="slot_46" type="StaticBody" parent="slots" instance=ExtResource( 3 )]
transform = Transform( -0.25, 0, -0.433013, 0, 0.6, 0, 0.433013, 0, -0.25, 2.61548, 0, -4.53014 )
physics_material_override = SubResource( 8 )

[node name="slot_47" type="StaticBody" parent="slots" instance=ExtResource( 3 )]
transform = Transform( 0.25, 0, -0.433012, 0, 0.6, 0, 0.433012, 0, 0.25, 3.25734, 0, -3.38142 )
physics_material_override = SubResource( 8 )

[node name="slot_48" type="StaticBody" parent="slots" instance=ExtResource( 3 )]
transform = Transform( 0.5, 0, 3.49691e-07, 0, 0.6, 0, -3.49691e-07, 0, 0.5, 4.57309, 0, -3.39992 )
physics_material_override = SubResource( 8 )

[node name="slot_49" type="StaticBody" parent="slots" instance=ExtResource( 3 )]
transform = Transform( 0.25, 0, 0.433013, 0, 0.6, 0, -0.433013, 0, 0.25, 5.23096, 0, -2.26045 )
physics_material_override = SubResource( 8 )

[node name="slot_50" type="StaticBody" parent="slots" instance=ExtResource( 3 )]
transform = Transform( -0.25, 0, 0.433013, 0, 0.6, 0, -0.433013, 0, -0.25, 4.55707, 0, -1.13022 )
physics_material_override = SubResource( 8 )

[node name="slot_51" type="StaticBody" parent="slots" instance=ExtResource( 3 )]
transform = Transform( -0.5, 0, -3.57746e-08, 0, 0.6, 0, 3.57746e-08, 0, -0.5, 5.23096, 0, 0 )
physics_material_override = SubResource( 8 )

[node name="slot_52" type="StaticBody" parent="slots" instance=ExtResource( 3 )]
transform = Transform( -0.25, 0, -0.433013, 0, 0.6, 0, 0.433013, 0, -0.25, 4.55707, 0, 1.13022 )
physics_material_override = SubResource( 8 )

[node name="slot_53" type="StaticBody" parent="slots" instance=ExtResource( 3 )]
transform = Transform( 0.25, 0, -0.433013, 0, 0.6, 0, 0.433013, 0, 0.25, 5.23096, 0, 2.26045 )
physics_material_override = SubResource( 8 )
